@online{docs.microsoft.com_dotnetcore_overview,
    author		= "{Microsoft Corporation}",
    title		= {.NET Core overview},
    shorttitle	= {.NET Core},
    url			= {https://docs.microsoft.com/en-us/dotnet/core/about},
    urldate		= {2020-08-25},
    date		= {2020-03-26}
}

@online{docs.microsoft.com_efcore_overview,
    author		= "{Microsoft Corporation}",
    title		= {Entity Framework Core},
    shorttitle	= {Entity Framework Core},
    url			= {https://docs.microsoft.com/en-us/ef/core/},
    urldate		= {2020-08-25},
    date		= {2016-10-27}
}

@online{docs.microsoft.com_efcore_sqlite,
    author		= "{Microsoft Corporation}",
    title		= {SQLite EF Core Database Provider},
    shorttitle	= {SQLite},
    url			= {https://docs.microsoft.com/en-us/ef/core/providers/sqlite},
    urldate		= {2020-08-25},
    date		= {2016-10-27}
}

@online{getakka.net_about,
    author		= "{.NET Foundation}",
    title		= {What is Akka.NET?},
    shorttitle	= {Akka.NET},
    url			= {https://getakka.net/articles/intro/what-is-akka.html},
    urldate		= {2020-08-25},
}
